@article{matsuo2007planetary,
  title={Planetary formation scenarios revisited: Core-accretion versus disk instability},
  author={Matsuo, Taro and Shibai, H and Ootsubo, T and Tamura, M},
  journal={The Astrophysical Journal},
  volume={662},
  number={2},
  pages={1282},
  year={2007},
  publisher={IOP Publishing}
}

@article{kley2012planet,
  title={Planet-disk interaction and orbital evolution},
  author={Kley, W and Nelson, RP},
  journal={Annual Review of Astronomy and Astrophysics},
  volume={50},
  pages={211--249},
  year={2012},
  publisher={Annual Reviews}
}
